% Encoding: UTF-8
@String{pub-AW = "Ad{\-d}i{\-s}on-Wes{\-l}ey"}
@String{pub-AW:adr = "Reading, MA, USA"}

@Article{隋建才2008,
  author  = {隋建才 and 杜云贵 and 徐明厚 and 刘艺},
  title   = {我国煤燃烧研究发展现状与趋势},
  journal = {热能动力工程},
  year    = {2008},
  volume  = {23},
  number  = {2},
  pages   = {111--116},
}

@Article{陈昌和2010,
  author  = {陈昌和 and 王淑娟 and 禚玉群 and 赵博 and 李彦 and 徐旭常},
  title   = {煤的清洁利用技术的现状与发展},
  journal = {物理},
  year    = {2010},
  volume  = {39},
  number  = {5},
  pages   = {301--306},
}

@Article{周一工2009,
  author  = {周一工},
  title   = {中国循环流化床锅炉的发展: 从低压到超临界},
  journal = {锅炉技术},
  year    = {2009},
  volume  = {40},
  number  = {2},
  pages   = {22--27},
}

@Article{岳光溪2016,
  author  = {岳光溪 and 吕俊复 and 徐鹏 and others},
  title   = {循环流化床燃烧发展现状及前景分析},
  journal = {中国电力},
  year    = {2016},
  volume  = {49},
  number  = {1},
  pages   = {1--13},
}

@Article{gungor2008,
  author    = {Gungor, Afsin and Eskin, Nurdil},
  title     = {{Two Dimensional Coal Combustion Modeling of {CFB}}},
  journal   = {International Journal of Thermal Sciences},
  year      = {2008},
  volume    = {47},
  number    = {2},
  pages     = {157--174},
  publisher = {Elsevier},
}

@Article{basu1999combustion,
  author    = {Basu, Prabir},
  title     = {{Combustion of Coal in Circulating Fluidized Bed Boilers: a Review}},
  journal   = {Chemical Engineering Science},
  year      = {1999},
  volume    = {54},
  number    = {22},
  pages     = {5547--5557},
  publisher = {Elsevier},
}

@Article{wang2010review,
  author    = {Wang, Wei and Lu, Bona and Zhang, Nan and Shi, Zhansheng and Li, Jinghai},
  title     = {{A Review of Multiscale {CFD} for Gas--Solid CFB modeling}},
  journal   = {International Journal of Multiphase Flow},
  year      = {2010},
  volume    = {36},
  number    = {2},
  pages     = {109--118},
  publisher = {Elsevier},
}

@Article{程从礼2002气固循环流化床能量最小多尺度环核,
  author  = {程从礼 and 高士秋 and 张忠东 and others},
  title   = {气固循环流化床能量最小多尺度环核 ({EMMS}/{CA}) 模型},
  journal = {化工学报},
  year    = {2002},
  volume  = {53},
  number  = {8},
  pages   = {804--809},
}

@InProceedings{张晓磊2007循环流化床锅炉燃烧系统仿真,
  author    = {张晓磊 and 董长青},
  title     = {循环流化床锅炉燃烧系统仿真},
  booktitle = {华北电力大学研究生学术交流年会},
  year      = {2007},
  address   = {北京},
}

@InProceedings{王新2008循环流化床动态建模及其预测控制研究,
  author    = {王新 and 石岩 and 向文国 and 吕剑虹},
  title     = {循环流化床动态建模及其预测控制研究},
  booktitle = {全国博士生学术论坛},
  year      = {2008},
  pages     = {71--77},
  address   = {杭州},
}

@InProceedings{姜鹏志2008超临界循环流化床锅炉——高效率、低排放和燃料灵活性相结合的新一代燃煤发电技术,
  author    = {姜鹏志 and 毛健雄 and 陈伟刚 and 刘春明},
  title     = {超临界循环流化床锅炉——高效率、低排放和燃料灵活性相结合的新一代燃煤发电技术},
  booktitle = {全国电力行业{CFB}机组技术交流服务协作网年会},
  year      = {2008},
  pages     = {80--90},
  address   = {黄山},
}

@Article{赵伟杰2007循环流化床锅炉床温的控制特性,
  author  = {赵伟杰 and 张文震 and 冯晓露},
  title   = {循环流化床锅炉床温的控制特性},
  journal = {动力工程学报},
  year    = {2007},
  volume  = {27},
  number  = {4},
  pages   = {545-550},
}

@Article{樊诚2007循环流化床锅炉燃烧过程建模研究,
  author  = {樊诚 and 江青茵 and 曹志凯 and 周荣},
  title   = {循环流化床锅炉燃烧过程建模研究},
  journal = {计算机与应用化学},
  year    = {2007},
  volume  = {24},
  number  = {3},
  pages   = {371-374},
}

@Article{李易平1991循环流化床锅炉床温及床压建模,
  author  = {李易平 and 庄有土 and 张伯霖},
  title   = {循环流化床锅炉床温及床压建模},
  journal = {华侨大学学报:自然科学版},
  year    = {1991},
  volume  = {12},
  number  = {1},
  pages   = {9-15},
}

@InProceedings{pulluri2005wavelet,
  author    = {Pulluri, SB and Davari, Asad and Shadle, Lawrence},
  title     = {{Wavelet Networks in Online Modeling of Circulating Fluidized Bed}},
  booktitle = {{Thirty-Seventh Southeastern Symposium on System Theory}},
  year      = {2005},
  pages     = {216--220},
  address   = {Tuskegee},
}
{lv2017dynamic,
  author    = {Lv, You and Hong, Feng and Yang, Tingting and Fang, Fang and Liu, Jizhen},
  title     = {A dynamic model for the bed temperature prediction of circulating fluidized bed boilers based on least squares support vector machine with real operational data},
  journal   = {Energy},
  year      = {2017},
  pages     = {284--294}
  publisher = {Elsevier},
}

@MastersThesis{董湛波2012基于神经,
  author  = {董湛波},
  title   = {基于神经-模糊系统的循环流化床锅炉建模与控制规律研究},
  school  = {东南大学},
  year    = {2012},
  address = {南京},
}

@MastersThesis{徐峰2002鲁棒,
  author  = {徐峰},
  title   = {鲁棒 PID 控制器研究及其在热工对象控制中的应用},
  school  = {清华大学},
  year    = {2002},
  address = {北京},
}

@MastersThesis{高峰2004先进控制策略在循环流化床控制中的应用,
  author  = {高峰},
  title   = {先进控制策略在循环流化床控制中的应用},
  school  = {华北电力大学 (河北)},
  year    = {2004},
  address = {保定},
}

@InProceedings{郝玉春2013基于,
  author    = {郝玉春},
  title     = {基于{DMC}的部分分散控制器在循环流化床协调控制系统中的应用},
  booktitle = {中国电机工程学会年会},
  year      = {2013},
  address   = {成都},
}

@Conference{郝玉春2012循环流化床燃烧系统的,
  author    = {郝玉春 and 李东海 and 谭文},
  title     = {循环流化床燃烧系统的{PID}控制器设计},
  booktitle = {第三十一届中国控制会议},
  year      = {2012},
  number    = {4580-4585},
  address   = {合肥},
}

@Article{kortela1994modelling,
  author    = {Kortela, U and Ikonen, E and Kotaj{\"a}rvi, H and Heikkinen, P},
  title     = {{Modelling, Simulation and Control of Fluidized Bed Combustion Process}},
  journal   = {International journal of power \& energy systems},
  year      = {1994},
  volume    = {14},
  number    = {3},
  pages     = {92--97},
  publisher = {International Association of Science and Technology for Development},
}

@Article{王康丽2003氮氧化物化学传感器,
  author  = {王康丽 and 严河清 and 刘军 and 王鄂凤},
  title   = {氮氧化物化学传感器},
  journal = {武汉大学学报: 理学版},
  year    = {2003},
  volume  = {49},
  number  = {4},
  pages   = {428--432},
}

@MastersThesis{崔宇2009电站锅炉燃烧系统软测量及稳态优化研究,
  author  = {崔宇},
  title   = {电站锅炉燃烧系统软测量及稳态优化研究},
  school  = {中国科学技术大学},
  year    = {2009},
  address = {合肥},
}

@Article{刘长远2012电站锅炉先进控制系统的开发与应用,
  author  = {刘长远 and 王振 and 王建军 and 闵新强 and 王树新 and 杨建新 and 薛美盛},
  title   = {电站锅炉先进控制系统的开发与应用},
  journal = {化工自动化及仪表},
  year    = {2012},
  volume  = {39},
  number  = {9},
  pages   = {30-36},
}

@Article{薛美盛2012电站锅炉一次风压系统模型算法控制仿真研究,
  author  = {薛美盛 and 张旭东 and 王川},
  title   = {电站锅炉一次风压系统模型算法控制仿真研究},
  journal = {化工自动化及仪表},
  year    = {2012},
  volume  = {39},
  number  = {1},
  pages   = {10-13},
}

@Article{樊培利2011改进的γ一,
  author  = {樊培利 and 徐毅 and 王振 and 薛美盛},
  title   = {改进的{γ一SGPC}算法在主汽温控制过程中的仿真研究},
  journal = {石油化工自动化},
  year    = {2011},
  volume  = {47},
  number  = {6},
  pages   = {40-44},
}

@Article{薛美盛2001工业锅炉在线燃烧优化,
  author  = {薛美盛 and 孙德敏 and 吴刚 and 张志刚},
  title   = {工业锅炉在线燃烧优化},
  journal = {化工自动化及仪表},
  year    = {2001},
  volume  = {28},
  number  = {5},
  pages   = {25-27},
}

@Article{胡棋2014基于吹灰专家监督系统的主汽温度广义预测控制,
  author  = {胡棋 and 薛美盛 and 刘云松},
  title   = {基于吹灰专家监督系统的主汽温度广义预测控制},
  journal = {工业控制计算机},
  year    = {2014},
  volume  = {27},
  number  = {10},
  pages   = {38-40},
}

@Article{王振2012基于负荷前馈补偿的主汽温串级广义预测控制,
  author  = {王振 and 张红军 and 刘长远 and 刘云松 and 薛美盛},
  title   = {基于负荷前馈补偿的主汽温串级广义预测控制},
  journal = {石油化工自动化},
  year    = {2012},
  volume  = {48},
  number  = {6},
  pages   = {36-39},
}

@Article{崔宇2009局部,
  author  = {崔宇 and 薛美盛},
  title   = {局部{LSSVM}方法在飞灰含碳量软测量中的应用},
  journal = {仪表技术},
  year    = {2009},
  number  = {5},
  pages   = {62-64},
}

@MastersThesis{胡祖辉2015母管制锅炉先进控制策略研究及应用,
  author  = {胡祖辉},
  title   = {母管制锅炉先进控制策略研究及应用},
  school  = {中国科学技术大学},
  year    = {2015},
  address = {合肥},
}

@MastersThesis{李先知2016污水处理过程远程监控系统设计与支持向量机技术应用研究,
  author  = {李先知},
  title   = {污水处理过程远程监控系统设计与支持向量机技术应用研究},
  school  = {中国科学技术大学},
  year    = {2016},
  address = {合肥},
}

@Article{王雅彬2012基于支持向量机的电站锅炉,
  author  = {王雅彬 and 李晓敏 and 边泽楠 and 赵文杰},
  title   = {基于支持向量机的电站锅炉{NOx}排放软测量模型},
  journal = {电力科学与工程},
  year    = {2012},
  volume  = {28},
  number  = {4},
  pages   = {55-59},
}

@MastersThesis{章云锋2013燃煤电站锅炉氧量和效率软测量研究,
  author  = {章云锋},
  title   = {燃煤电站锅炉氧量和效率软测量研究},
  school  = {上海交通大学},
  year    = {2013},
  address = {上海},
}

@Article{赵恒平2005化工数据预处理及其在建模中的应用,
  author  = {赵恒平 and 俞金寿},
  title   = {化工数据预处理及其在建模中的应用},
  journal = {华东理工大学学报自然科学版},
  year    = {2005},
  volume  = {31},
  number  = {2},
  pages   = {223-226},
}

@PhdThesis{刘瑞兰2004软测量技术若干问题的研究及工业应用,
  author  = {刘瑞兰},
  title   = {软测量技术若干问题的研究及工业应用},
  school  = {浙江大学},
  year    = {2004},
  address = {杭州},
}

@Article{akaike1974new,
  author    = {Akaike, Hirotugu},
  title     = {{A new Look at the Statistical Model Identification}},
  journal   = {IEEE Transactions on Automatic Control},
  year      = {1974},
  volume    = {19},
  number    = {6},
  pages     = {716--723},
  publisher = {Ieee},
}

@InProceedings{johnsson1990modelling,
  author    = {Johnsson, JE and Amand, LE and Leckner, B},
  title     = {{Modelling of {NOx} Formation in a Circulating Fluidized Bed Boiler}},
  booktitle = {Proceedings of the 3rd International Conference on {CFB}},
  year      = {1990},
  pages     = {1--20},
  address   = {Nagoya},
}

@Article{李穹2013sncr,
  author  = {李穹 and 吴玉新 and 杨海瑞 and 吕俊复},
  title   = {{SNCR} 脱硝特性的模拟及优化},
  journal = {化工学报},
  year    = {2013},
  volume  = {64},
  number  = {5},
  pages   = {1789--1796},
}

@Article{li2016prediction,
  author    = {Li, Nan and Lu, Gang and Li, Xinli and Yan, Yong},
  title     = {{Prediction of {NOx} Emissions from a Biomass Fired Combustion Process Based on Flame Radical Imaging and Deep Learning Techniques}},
  journal   = {Combustion Science and Technology},
  year      = {2016},
  volume    = {188},
  number    = {2},
  pages     = {233--246},
  publisher = {Taylor \& Francis},
}

@Article{talukdar1995simplified,
  author    = {Talukdar, J and Basu, P},
  title     = {{A Simplified Model of Nitric Oxide Emission from a Circulating Fluidized Bed Combustor}},
  journal   = {The Canadian Journal of Chemical Engineering},
  year      = {1995},
  volume    = {73},
  number    = {5},
  pages     = {635--643},
  publisher = {Wiley Online Library},
}

@InProceedings{杨石2010基于流态重构的低能耗循环流化床锅炉技术,
  author    = {杨石 and 杨海瑞 and 吕俊复 and 岳光溪},
  title     = {基于流态重构的低能耗循环流化床锅炉技术},
  booktitle = {全国电力行业CFB机组技术交流服务协作网第九届年会暨第二届中国循环流化床燃烧理论与技术学术会议论文集},
  year      = {2010},
  pages     = {95--104},
  address   = {贵阳},
  journal   = {中国电力},
}

@Patent{杨海瑞2008低床压降循环流化床锅炉燃烧工艺方法,
  nationality = {中国},
  number      = {ZL 200720176731.1},
  year        = {2009},
  yearfiled   = {2009},
  author      = {杨海瑞 and 岳光溪 and 吕俊复 and 张 海 and 刘 青 and 张建胜},
  title       = {低床压降循环流化床锅炉燃烧工艺方法},
}

@TechReport{Agency1999Nitrogen,
  author      = {Clean Air Technology Center},
  title       = {{Nitrogen Oxides ({NOx}), Why and How They Are Controlled}},
  institution = {U.S. Department of Commerce},
  year        = {1999},
  address     = {Springfield},
  journal     = {Mon.wea.rev},
  pages       = {2-5},
  publisher   = {U.S. Department of Commerce},
}

@Book{montgomery2015introduction,
  title     = {{Introduction to Linear Regression Analysis}},
  publisher = {John Wiley \& Sons},
  year      = {2015},
  author    = {Montgomery, Douglas C and Peck, Elizabeth A and Vining, G Geoffrey},
  address   = {New Jersey},
}

@Misc{高明明2015基于能量平衡的超临界,
  author        = {高明明 and 岳光溪 and 吴玉新 and 杨海瑞 and 吕俊复 and 刘青 and 张海},
  title         = {基于能量平衡的超临界CFB锅炉主蒸汽压力控制方法},
  year          = {2015},
  __markedentry = {[J:2]},
}

@Article{杨建华2009循环流化床锅炉改变床存量的燃烧试验,
  author  = {杨建华 and 杨海瑞 and 岳光溪},
  title   = {循环流化床锅炉改变床存量的燃烧试验},
  journal = {动力工程},
  year    = {2009},
  volume  = {29},
  number  = {6},
  pages   = {512--515},
}

@Book{陈霸东2011系统参数辨识的信息准则及算法,
  title     = {系统参数辨识的信息准则及算法},
  publisher = {清华大学出版社},
  year      = {2011},
  author    = {陈霸东 and 朱煜 and 胡金春},
  address   = {北京},
}

@Article{emori1997communication,
  author    = {Emori, Toshiyuki and Mizumori, Takashi and Ebashi, Hiromichi and Sogo, Sadatoshi},
  title     = {{Communication {Bus} {V-net} for the {CENTUM} {CS}}},
  journal   = {YOKOGAWA Technical Report},
  year      = {1997},
  volume    = {23},
  pages     = {21--24},
  publisher = {YOKOGAWA ELECTRIC CORPORATION},
}

@Article{konishi2000system,
  author    = {Konishi, Nobuaki},
  title     = {{System Architecture of {CENTUM} {CS} 3000}},
  journal   = {YOKOGAWA Technical Report},
  year      = {2000},
  pages     = {1--5},
  publisher = {YOKOGAWA ELECTRIC CORPORATION},
}

@Article{kano2013virtual,
  author    = {Kano, Manabu and Fujiwara, Koichi},
  title     = {{Virtual Sensing Technology in Process Industries: Trends and Challenges Revealed by Recent Industrial Applications}},
  journal   = {Journal of chemical engineering of Japan},
  year      = {2013},
  volume    = {46},
  number    = {1},
  pages     = {1--17},
  publisher = {The Society of Chemical Engineers, Japan},
}

@Article{liukkonen2012dynamic,
  author    = {Liukkonen, Mika and H{\"a}likk{\"a}, Eero and Hiltunen, Teri and Hiltunen, Yrj{\"o}},
  title     = {{Dynamic Soft Sensors for {NOx} Emissions in a Circulating Fluidized Bed Boiler}},
  journal   = {Applied energy},
  year      = {2012},
  volume    = {97},
  pages     = {483--490},
  publisher = {Elsevier},
}

@Article{yong2005can,
  author  = {Yong, Y},
  title   = {{Can the Strengths of AIC and BIC be Shared}},
  journal = {Biometrika},
  year    = {2005},
  volume  = {92},
  number  = {4},
  pages   = {937--950},
}

@Book{中国环境科学研究院2012火电厂大气污染物排放标准,
  title     = {火电厂大气污染物排放标准:GB 13223-2011},
  publisher = {中国环境科学出版社},
  year      = {2012},
  author    = {中国环境科学研究院},
  address   = {北京},
}

@Online{2016年能源生产情况,
  author = {国家统计局},
  title  = {2016年能源生产情况},
  year   = {2017-2-28},
  url    = {http://www.stats.gov.cn/tjsj/zxfb/201702/t20170228_1467575.html},
}

@Online{国家能源局关于促进低热值煤发电产业健康发展的通知,
  author = {国家能源局},
  title  = {国家能源局关于促进低热值煤发电产业健康发展的通知},
  year   = {2011-12-30},
  url    = {http://www.nea.gov.cn/2011-12/30/c_131335980.htm},
}

@Online{煤电节能减排升级与改造行动计划,
  author = {国家发展改革委},
  title  = {煤电节能减排升级与改造行动计划（2014-2020年）},
  year   = {2014-9-12},
  url    = {http://www.sdpc.gov.cn/gzdt/201409/t20140919_626240.html},
}

@Misc{关于印发《全面实施燃煤电厂超低排放和节能改造工作方案》的通知,
  author = {环境保护部},
  title  = {关于印发《全面实施燃煤电厂超低排放和节能改造工作方案》的通知},
  year   = {2015-12-11},
  url    = {http://www.mep.gov.cn/gkml/hbb/bwj/201512/t20151215_319170.htm},
}

@Article{高明明2014600MW,
  author  = {高明明 and 岳光溪 and 雷秀坚 and 刘吉臻 and 张文广 and 陈峰},
  title   = {600MW超临界循环流化床锅炉控制系统研究},
  journal = {中国电机工程学报},
  year    = {2014},
  volume  = {34},
  number  = {35},
  pages   = {6319-6328},
}

@Article{谢磊2016循环流化床锅炉燃烧过程预测控制与经济性能优化,
  author  = {谢磊 and 毛国明 and 金晓明 and 苏宏业},
  title   = {循环流化床锅炉燃烧过程预测控制与经济性能优化},
  journal = {化工学报},
  year    = {2016},
  volume  = {67},
  number  = {3},
  pages   = {695-700},
}

@Article{牛培峰2007循环流化床锅炉的汽压自适应控制系统,
  author  = {牛培峰 and 于剑锋 and 张君 and NIUPei-feng and YUJian-feng and ZHANGJun},
  title   = {循环流化床锅炉的汽压自适应控制系统},
  journal = {动力工程学报},
  year    = {2007},
  volume  = {27},
  number  = {4},
  pages   = {533-536},
}

@Article{牛培峰2004大型国产循环流化床锅炉的汽温自适应串级控制系统,
  author  = {牛培峰 and 周丽芹 and 李国胜 and 朱铁一},
  title   = {大型国产循环流化床锅炉的汽温自适应串级控制系统},
  journal = {动力工程学报},
  year    = {2004},
  volume  = {24},
  number  = {2},
  pages   = {204-207},
}

@Article{牛培峰1998采用国产,
  author  = {牛培峰 and 柴天佑},
  title   = {采用国产75t/h循环流化床锅炉的单元机组汽压自适应控制系统},
  journal = {控制理论与应用},
  year    = {1998},
  number  = {1},
  pages   = {82-86},
}

@MastersThesis{王志强2003数据挖掘技术在循环流化床锅炉模糊控制系统中的应用,
  author   = {王志强},
  title    = {数据挖掘技术在循环流化床锅炉模糊控制系统中的应用},
  school   = {清华大学},
  year     = {2003},
  address  = {北京},
  abstract = {大量的工业实践证明,模糊控制对于循环流化床的控制是非常有效的。但是,建立规则库已经成为模糊控制系统设计的核心问题和困难所在。 与此同时,循环流化床宝贵的历史数据却一直没有被有效利用;数据挖掘技术的出现,为解决模糊控制规则的获取问题,从“海量数据”中自动挖掘优秀司炉工的操作经验,提供了非常有效的数据处理手段,有着广阔的应用前景。本文首次针对循环流化床模糊控制器的特性和运行规律,讨论了对循环流化床历史运行数据进行挖掘的可行性,分析了采样数据预处理技术,介绍了基于聚类技术的指导规则获取的实际应用步骤,利用基于模糊神经网络强大的学习功能完成模糊控制的规则获取。 本文还针对流化床锅炉运行的非线性严重、大滞后、不确定性大等特点,研究了基于数据挖掘优化的模糊神经自组织控制策略在循环流化床控制系统中的应用,使规则获取可以在线进行;并编制了数据挖掘模块优化自组织控制模块,应用到青岛35t/h循环流化床锅炉的控制系统中,提高了锅炉的运行水平和效率,取得了良好的效果。},
  keywords = {数据挖掘;聚类分析;模糊神经网络;自组织控制;循环流化床},
}

@Article{王东风2003循环流化床锅炉汽温系统的多模型自适应预测控制,
  author   = {王东风},
  title    = {循环流化床锅炉汽温系统的多模型自适应预测控制},
  journal  = {自动化仪表},
  year     = {2003},
  volume   = {24},
  number   = {7},
  pages    = {46-50},
  abstract = {在分析循环流化床的锅炉汽温系 统动态特性的基础上,针对其动态特性的时变大迟延等特点,采用多模型DMC前馈-反馈 自适应解耦控制方案,有效地克服了单一模型难以适应的工况变化和系统时变大迟延的影响,消除了给水流量变化对汽温的耦合。 仿真实例表明新的控制方法能使汽温系统具有较好的控制品质、较强的鲁棒性和自适应能力。},
  keywords = {汽温控制;循环流化床锅炉;时变系统;自适应控制;多模型},
}

@PhdThesis{陈亮2005循环流化床锅炉建模及其智能控制系统的研究,
  author  = {陈亮},
  title   = {循环流化床锅炉建模及其智能控制系统的研究},
  school  = {浙江大学},
  year    = {2005},
  address = {杭州},
}

@Article{童一飞2010基于广义预测控制的循环流化床锅炉燃烧过程多目标优化控制策略,
  author  = {童一飞 and 金晓明},
  title   = {基于广义预测控制的循环流化床锅炉燃烧过程多目标优化控制策略},
  journal = {中国电机工程学报},
  year    = {2010},
  volume  = {30},
  number  = {11},
  pages   = {38-43},
}

@Article{白卫东2004统计回归方法在电站锅炉氮氧化物排放量监测中的应用,
  author  = {白卫东 and 严建华 and 王飞 and 马增益 and 林彬 and 张清宇 and 倪明江 and 岑可法},
  title   = {统计回归方法在电站锅炉氮氧化物排放量监测中的应用},
  journal = {动力工程学报},
  year    = {2004},
  volume  = {24},
  number  = {3},
  pages   = {431-435},
}

@Article{Li2003Neural,
  author  = {Li, K. and Thompson, S. and Wieringa, P. A. and Peng, J. and Duan, G. R.},
  title   = {{Neural Networks and Genetic Algorithms can Support Human Supervisory Control to Reduce Fossil Fuel Power Plant Emissions}},
  journal = {Cognition, Technology \& Work},
  year    = {2003},
  volume  = {5},
  number  = {2},
  pages   = {107-126},
}

@Article{孔亮2008基于,
  author  = {孔亮 and 丁艳军 and 张毅 and 吴昊 and 张雪 and 吴占松},
  title   = {基于{Kriging}方法的电站锅炉{NOx}排放自适应建模},
  journal = {清华大学学报自然科学版},
  year    = {2008},
  volume  = {48},
  number  = {5},
  pages   = {848-851},
}

@Article{Park2005The,
  author  = {Park, Juchirl and Huang, Yue and Turton, Richard and Famouri, Parviz and Boyle, Edward J.},
  title   = {{The Control of Bed Height and Solids Circulation Rate in the Standpipe of a Cold Flow Circulating Fluidized Bed}},
  journal = {Powder Technology},
  year    = {2005},
  volume  = {150},
  number  = {3},
  pages   = {176-184},
}

@InProceedings{罗顺安2010氧化锆,
  author    = {罗顺安 and 岳恩 and 唐龙 and 张平},
  title     = {氧化锆{NOx}传感器工作原理},
  booktitle = {中国功能材料及其应用学术会议},
  year      = {2010},
  pages     = {2103--2106},
  address   = {长沙},
}

@Article{richalet1978model,
  author    = {Richalet, Jacques and Rault, A and Testud, JL and Papon, J},
  title     = {{Model Predictive Heuristic Control: Applications to Industrial Processes}},
  journal   = {Automatica},
  year      = {1978},
  volume    = {14},
  number    = {5},
  pages     = {413--428},
  publisher = {Elsevier},
}

@InProceedings{cutler1980dynamic,
  author    = {Cutler, Charles R and Ramaker, Brian L},
  title     = {{Dynamic Matrix Control—a Computer Control {Algorithm}}},
  booktitle = {Proceedings of Joint Automatic Control conference},
  year      = {1980},
  pages     = {72-79},
  address   = {Houston},
}

@Article{clarke1987generalized,
  author    = {Clarke, David W and Mohtadi, C and Tuffs, PS},
  title     = {{Generalized Predictive Control—Part I. The Basic Algorithm}},
  journal   = {Automatica},
  year      = {1987},
  volume    = {23},
  number    = {2},
  pages     = {137--148},
  publisher = {Elsevier},
}

@Article{garriga2010model,
  author    = {Garriga, Jorge L and Soroush, Masoud},
  title     = {{Model Predictive Control Tuning Methods: a Review}},
  journal   = {Industrial \& Engineering Chemistry Research},
  year      = {2010},
  volume    = {49},
  number    = {8},
  pages     = {3505--3515},
  publisher = {American Chemical Society},
}

@Article{1991Analysis,
  author  = {Andrew R. Mcintosh and Shah, Sirish L. and Fisher, D. Grant},
  title   = {{Analysis and Tuning of Adaptive Generalized Predictive Control}},
  journal = {Canadian Journal of Chemical Engineering},
  year    = {1991},
  volume  = {69},
  number  = {1},
  pages   = {97-110},
}

@MastersThesis{吴刚1989预测控制研究及在工业锅炉控制中的应用,
  author  = {吴刚},
  title   = {预测控制研究及在工业锅炉控制中的应用},
  school  = {中国科学技术大学},
  year    = {1989},
  address = {合肥},
}

@PhdThesis{罗国娟2006阶梯式预测控制器的参数整定研究,
  author  = {罗国娟},
  title   = {阶梯式预测控制器的参数整定研究},
  school  = {中国科学技术大学},
  year    = {2006},
  address = {合肥},
}

@Book{Fortuna2007Soft,
  title     = {{Soft Sensors for Monitoring and Control of Industrial Processes}},
  publisher = {Springer},
  year      = {2007},
  author    = {Fortuna, Luigi and Salvatore, Graziani Ph. D and Alessandro, Rizzo Ph. D and Maria, G. Xibilia Ph. D},
  address   = {London},
}

@Article{RePEc:eee:energy:v:124:y:2017:i:c:p:284-294,
  author  = {Lv, You and Hong, Feng and Yang, Tingting and Fang, Fang and Liu, Jizhen},
  title   = {{A Dynamic Model for the Bed Temperature Prediction of Circulating Fluidized Bed Boilers Based on Least Squares Support Vector Machine With Real Operational Data}},
  journal = {Energy},
  year    = {2017},
  volume  = {124},
  number  = {C},
  pages   = {284-294},
}

@Comment{jabref-meta: databaseType:bibtex;}
